@misc{dictionary_cambridge:envy,
author = "{Cambridge Dictionaries Online}",
  title = "Cambridge Dictionaries Online",
  howpublished = "\url{https://dictionary.cambridge.org/dictionary/english/envy/}",
  year = {2023}, 
  note = "[Online; accessed 29-July-2023]"
}

  @misc{ enwiki:relative_income,
    author = "{Wikipedia contributors}",
    title = "Relative income hypothesis --- {Wikipedia}{,} The Free Encyclopedia",
    year = "2023",
    howpublished = "\url{https://en.wikipedia.org/w/index.php?title=Relative_income_hypothesis&oldid=1161843979}",
    note = "[Online; accessed 29-July-2023]"
  }